@article{moura_bjorner_2008,
	title        = {Z3: An Efficient SMT Solver},
	author       = {Moura, Leonardo De and Bjørner, Nikolaj},
	year         = 2008,
	journal      = {Tools and Algorithms for the Construction and Analysis of Systems Lecture Notes in Computer Science},
	pages        = {337–340},
	doi          = {10.1007/978-3-540-78800-3_24}
}
@article{wood_2021,
	title        = {ETHEREUM: A SECURE DECENTRALISED GENERALISED TRANSACTION LEDGER},
	author       = {Wood, Gavin},
	year         = 2021,
	month        = {May},
	pages        = {1–39},
	booktitle          = {https://ethereum.github.io/yellowpaper/paper.pdf}
}
@article{giannakaris_trakadas_zahariadis_gkonis_papadopoulos_2019,
	title        = {Using Smart Contracts in Smart Energy Grid Applications},
	author       = {Giannakaris, Panagiotis and Trakadas, Panagiotis and Zahariadis, Theodore and Gkonis, Panagiotis and Papadopoulos, Konstantinos},
	year         = 2019,
	journal      = {Proceedings of the International Scientific Conference - Sinteza 2019},
	doi          = {10.15308/sinteza-2019-597-602}
}
@article{nr1,
	title        = {Nr 1 Contract by Balance},
	year         = 2021,
	booktitle          = {https://etherscan.io/address/0xc02aaa39b223fe8d0a0e5c4f27ead9083c756cc2}
}
@article{nr2,
	title        = {Nr 2 Contract by Balance},
	year         = 2021,
	booktitle          = {https://etherscan.io/address/0x00000000219ab540356cbb839cbe05303d7705fa}
}
@article{nr1T,
	title        = {Uniswap Contract},
	year         = 2021,
	url          = {https://etherscan.io/address/0x1f9840a85d5af5bf1d1762f925bdaddc4201f984}
}
@article{nr2T,
	title        = {Chainlink Contract},
	year         = 2021,
	booktitle          = {https://etherscan.io/address/0x514910771af9ca656af840dff83e8264ecf986ca}
}
@article{SWC,
	title        = {Smart Contract Weakness Classification and Test Cases},
	year         = 2021,
	booktitle          = {https://swcregistry.io/}
}
@INPROCEEDINGS{9223278,
  author={Kaleem, Mudabbir and Mavridou, Anastasia and Laszka, Aron},
  booktitle={2020 2nd Conference on Blockchain Research   Applications for Innovative Networks and Services (BRAINS)},
  title={Vyper: A Security Comparison with Solidity Based on Common Vulnerabilities},
  year={2020},
  volume={},
  number={},
  pages={107-111},
  doi={10.1109/BRAINS49436.2020.9223278}}
@INPROCEEDINGS{7965268,
  author={Coblenz, Michael},
  booktitle={2017 IEEE/ACM 39th International Conference on Software Engineering Companion (ICSE-C)},
  title={Obsidian: A Safer Blockchain Programming Language},
  year={2017},
  volume={},
  number={},
  pages={97-99},
  doi={10.1109/ICSE-C.2017.150}}
@article{bhandari_2018,
	title        = {Supply Chain Management, Blockchains and Smart Contracts},
	author       = {Bhandari, Bhavya},
	year         = 2018,
	journal      = {SSRN Electronic Journal},
	doi          = {10.2139/ssrn.3204297}
}
@article{griggs_ossipova_kohlios_baccarini_howson_hayajneh_2018,
	title        = {Healthcare Blockchain System Using Smart Contracts for Secure Automated Remote Patient Monitoring},
	author       = {Griggs, Kristen N. and Ossipova, Olya and Kohlios, Christopher P. and Baccarini, Alessandro N. and Howson, Emily A. and Hayajneh, Thaier},
	year         = 2018,
	journal      = {Journal of Medical Systems},
	volume       = 42,
	number       = 7,
	doi          = {10.1007/s10916-018-0982-x}
}
@article{szabo_1996,
	title        = {Smart Contracts: Building Blocks for Digital Markets},
	author       = {Szabo, Nick},
	year         = 1996,
	journal      = {Extropy},
	number       = 16,
	booktitle          = {https://www.fon.hum.uva.nl/rob/Courses/InformationInSpeech/CDROM/Literature/LOTwinterschool2006/szabo.best.vwh.net/smart_contracts_2.html}
}
@article{nikolic_kolluri_sergey_saxena_hobor_2018,
	title        = {Finding The Greedy, Prodigal, and Suicidal Contracts at Scale},
	author       = {Nikolić, Ivica and Kolluri, Aashish and Sergey, Ilya and Saxena, Prateek and Hobor, Aquinas},
	year         = 2018,
	journal      = {Proceedings of the 34th Annual Computer Security Applications Conference},
	doi          = {10.1145/3274694.3274743}
}
@article{amani_bégel_bortin_staples_2018,
	title        = {Towards verifying ethereum smart contract bytecode in Isabelle/HOL},
	author       = {Amani, Sidney and Bégel, Myriam and Bortin, Maksym and Staples, Mark},
	year         = 2018,
	journal      = {Proceedings of the 7th ACM SIGPLAN International Conference on Certified Programs and Proofs},
	doi          = {10.1145/3167084}
}
@article{argañaraz_berón_pereira_henriques_2020,
	title        = {Detection of Vulnerabilities in Smart Contracts Specifications in Ethereum Platforms},
	author       = {Argañaraz, Mauro C. and Berón, Mario M. and Pereira, Maria J. Varanda and Henriques, Pedro Rangel},
	year         = 2020,
	journal      = {9th Symposium on Languages, Applications and Technologies (SLATE 2020).},
	pages        = {1–16},
	booktitle          = {https://drops.dagstuhl.de/opus/volltexte/2020/13015/pdf/OASIcs-SLATE-2020-2.pdf}
}
@article{atzei_bartoletti_cimoli_2017,
	title        = {A Survey of Attacks on Ethereum Smart Contracts (SoK)},
	author       = {Atzei, Nicola and Bartoletti, Massimo and Cimoli, Tiziana},
	year         = 2017,
	pages        = {164–186},
	doi          = {10.1007/978-3-662-54455-6_8}
}
@article{bhargavan_delignat-lavaud_fournet_gollamudi_gonthier_kobeissi_kulatova_rastogi_sibut-pinote_swamy_etal._2016,
	title        = {Formal Verification of Smart Contracts},
	author       = {Bhargavan, Karthikeyan and Delignat-Lavaud, Antoine and Fournet, Cédric and Gollamudi, Anitha and Gonthier, Georges and Kobeissi, Nadim and Kulatova, Natalia and Rastogi, Aseem and Sibut-Pinote, Thomas and Swamy, Nikhil and et al.},
	year         = 2016,
	journal      = {Proceedings of the 2016 ACM Workshop on Programming Languages and Analysis for Security},
	doi          = {10.1145/2993600.2993611}
}
@article{chen_li_luo_zhang_2017,
	title        = {Under-optimized smart contracts devour your money},
	author       = {Chen, Ting and Li, Xiaoqi and Luo, Xiapu and Zhang, Xiaosong},
	year         = 2017,
	journal      = {2017 IEEE 24th International Conference on Software Analysis, Evolution and Reengineering (SANER)},
	doi          = {10.1109/saner.2017.7884650}
}
@article{chen_zhu_li_chen_li_luo_lin_zhange_2018,
	title        = {Understanding Ethereum via Graph Analysis},
	author       = {Chen, Ting and Zhu, Yuxiao and Li, Zihao and Chen, Jiachi and Li, Xiaoqi and Luo, Xiapu and Lin, Xiaodong and Zhange, Xiaosong},
	year         = 2018,
	journal      = {IEEE INFOCOM 2018 - IEEE Conference on Computer Communications},
	doi          = {10.1109/infocom.2018.8486401}
}
@article{feist_grieco_groce_2019,
	title        = {Slither: A Static Analysis Framework for Smart Contracts},
	author       = {Feist, Josselin and Grieco, Gustavo and Groce, Alex},
	year         = 2019,
	journal      = {2019 IEEE/ACM 2nd International Workshop on Emerging Trends in Software Engineering for Blockchain (WETSEB)},
	doi          = {10.1109/wetseb.2019.00008}
}
@article{grieco_song_cygan_feist_groce_2020,
	title        = {Echidna: effective, usable, and fast fuzzing for smart contracts},
	author       = {Grieco, Gustavo and Song, Will and Cygan, Artur and Feist, Josselin and Groce, Alex},
	year         = 2020,
	journal      = {Proceedings of the 29th ACM SIGSOFT International Symposium on Software Testing and Analysis},
	doi          = {10.1145/3395363.3404366}
}
@article{claessen_hughes_2000,
	title        = {QuickCheck},
	author       = {Claessen, Koen and Hughes, John},
	year         = 2000,
	journal      = {Proceedings of the fifth ACM SIGPLAN international conference on Functional programming - ICFP 00},
	doi          = {10.1145/351240.351266}
}
@article{gebele_2020,
	title        = {Analysis of the Solidity Compiler for Smart Contract Redundancy Detection},
	author       = {Gebele, Jonas},
	year         = 2020,
	month        = {May},
	pages        = {1–57},
	booktitle          = {https://wwwmatthes.in.tum.de/pages/12tf4rak3x82s/Bachelor-s-Thesis-Jonas-Gebele}
}
@article{hegedűs_2019,
	title        = {Towards Analyzing the Complexity Landscape of Solidity Based Ethereum Smart Contracts},
	author       = {Hegedűs, Péter},
	year         = 2019,
	journal      = {Technologies},
	volume       = 7,
	number       = 1,
	pages        = 6,
	doi          = {10.3390/technologies7010006}
}
@article{honig_everts_huisman_2019,
	title        = {Practical Mutation Testing for Smart Contracts},
	author       = {Honig, Joran J. and Everts, Maarten H. and Huisman, Marieke},
	year         = 2019,
	journal      = {Lecture Notes in Computer Science Data Privacy Management, Cryptocurrencies and Blockchain Technology},
	pages        = {289–303},
	doi          = {10.1007/978-3-030-31500-9_19}
}
@article{lattner_adve,
	title        = {LLVM: A compilation framework for lifelong program analysis and transformation},
	author       = {Lattner, C. and Adve, V.},
	journal      = {International Symposium on Code Generation and Optimization, 2004. CGO 2004.},
	doi          = {10.1109/cgo.2004.1281665}
}
@article{gurfinkel_kahsai_komuravelli_navas_2015,
	title        = {The SeaHorn Verification Framework},
	author       = {Gurfinkel, Arie and Kahsai, Temesghen and Komuravelli, Anvesh and Navas, Jorge A.},
	year         = 2015,
	journal      = {Computer Aided Verification Lecture Notes in Computer Science},
	pages        = {343–361},
	doi          = {10.1007/978-3-319-21690-4_20}
}
@article{kalra_goel_dhawan_sharma_2018,
	title        = {ZEUS: Analyzing Safety of Smart Contracts},
	author       = {Kalra, Sukrit and Goel, Seep and Dhawan, Mohan and Sharma, Subodh},
	year         = 2018,
	journal      = {Proceedings 2018 Network and Distributed System Security Symposium},
	doi          = {10.14722/ndss.2018.23082}
}
@article{luu_chu_olickel_saxena_hobor_2016,
	title        = {Making Smart Contracts Smarter},
	author       = {Luu, Loi and Chu, Duc-Hiep and Olickel, Hrishi and Saxena, Prateek and Hobor, Aquinas},
	year         = 2016,
	month        = {Oct},
	journal      = {Proceedings of the 2016 ACM SIGSAC Conference on Computer and Communications Security},
	doi          = {10.1145/2976749.2978309}
}
@article{mueller,
	title        = {Smashing Smart Contracts for Fun and Real Profit},
	author       = {Mueller, Bernhard},
	booktitle          = {https://github.com/b-mueller/smashing-smart-contracts/blob/master/smashing-smart-contracts-1of1.pdf}
}
@article{mossberg_manzano_hennenfent_groce_grieco_feist_brunson_dinaburg_2019,
	title        = {Manticore: A User-Friendly Symbolic Execution Framework for Binaries and Smart Contracts},
	author       = {Mossberg, Mark and Manzano, Felipe and Hennenfent, Eric and Groce, Alex and Grieco, Gustavo and Feist, Josselin and Brunson, Trent and Dinaburg, Artem},
	year         = 2019,
	journal      = {2019 34th IEEE/ACM International Conference on Automated Software Engineering (ASE)},
	doi          = {10.1109/ase.2019.00133}
}
@article{mueller_luca_2019,
	title        = {Advances in Automated EVM Smart Contract Vulnerability Detection and Exploitation},
	author       = {Mueller, Bernhard and Luca, Daniel},
	year         = 2019,
	month        = {Aug},
	journal      = {Def CON 27},
	pages        = {1–17},
	booktitle          = {https://github.com/b-mueller/smashing-smart-contracts/blob/master/DEFCON27-EVM-Smart-Contracts-Mueller-Luca.pdf}
}
@article{nakamoto,
	title        = {Bitcoin: A Peer-to-Peer Electronic Cash System},
	author       = {Nakamoto, Satoshi},
	booktitle          = {https://bitcoin.org/bitcoin.pdf}
}
@article{osterland_rose_2020,
	title        = {Model checking smart contracts for Ethereum},
	author       = {Osterland, Thomas and Rose, Thomas},
	year         = 2020,
	journal      = {Pervasive and Mobile Computing},
	volume       = 63,
	pages        = 101129,
	doi          = {10.1016/j.pmcj.2020.101129}
}
@article{ethereumrevision0bbfe453,
	title        = {Solidity Security Considerations},
	author       = {Ethereum Revision 0bbfe453},
	journal      = {Solidity Documentation},
	booktitle          = {https://docs.soliditylang.org/en/v0.6.8/security-considerations.html}
}
@article{tsankov_dan_drachsler-cohen_gervais_bünzli_vechev_2018,
	title        = {Securify},
	author       = {Tsankov, Petar and Dan, Andrei and Drachsler-Cohen, Dana and Gervais, Arthur and Bünzli, Florian and Vechev, Martin},
	year         = 2018,
	journal      = {Proceedings of the 2018 ACM SIGSAC Conference on Computer and Communications Security},
	doi          = {10.1145/3243734.3243780}
}
@article{albert_gordillo_livshits_rubio_sergey_2018,
	title        = {EthIR: A Framework for High-Level Analysis of Ethereum Bytecode},
	author       = {Albert, Elvira and Gordillo, Pablo and Livshits, Benjamin and Rubio, Albert and Sergey, Ilya},
	year         = 2018,
	journal      = {Automated Technology for Verification and Analysis Lecture Notes in Computer Science},
	pages        = {513–520},
	doi          = {10.1007/978-3-030-01090-4_30}
}
@article{zhou_hua_pi_sun_nomura_yamashita_kurihara_2018,
	title        = {Security Assurance for Smart Contract},
	author       = {Zhou, Ence and Hua, Song and Pi, Bingfeng and Sun, Jun and Nomura, Yashihide and Yamashita, Kazuhiro and Kurihara, Hidetoshi},
	year         = 2018,
	journal      = {2018 9th IFIP International Conference on New Technologies, Mobility and Security (NTMS)},
	doi          = {10.1109/ntms.2018.8328743}
}
@inproceedings{8328743,
	title        = {Security Assurance for Smart Contract},
	author       = {Zhou, Ence and Hua, Song and Pi, Bingfeng and Sun, Jun and Nomura, Yashihide and Yamashita, Kazuhiro and Kurihara, Hidetoshi},
	year         = 2018,
	booktitle    = {2018 9th IFIP International Conference on New Technologies, Mobility and Security (NTMS)},
	volume       = {},
	number       = {},
	pages        = {1--5},
	doi          = {10.1109/NTMS.2018.8328743}
}

@inproceedings{securify,
	title        = {Securify2 source},
	booktitle          = {https://github.com/eth-sri/securify2},
	author       = {Commit-71c22dd}

}
@inproceedings{oyente,
	title        = {OYENTE source},
	booktitle          = {https://github.com/enzymefinance/oyente},
	author       = {Commit-69dc0a9}

}
@inproceedings{mythril,
	title        = {Mythril source},
	booktitle          = {https://github.com/ConsenSys/mythril},
	author       = {Commmit-9b0c6d1}

}
@inproceedings{Slither,
	title        = {Slither source},
	booktitle          = {https://github.com/crytic/slither},
	author       = {Commit-4b55839}
}
